<record><leader>00000cas a22000007a 4500</leader><controlfield tag="001">14219088</controlfield><controlfield tag="008">860915d1857186utxuwr ne      0    0eng d</controlfield><datafield ind1=" " ind2=" " tag="010"><subfield code="a">sn 86089062 </subfield></datafield><datafield ind1=" " ind2=" " tag="040"><subfield code="a">PPM</subfield><subfield code="b">eng</subfield><subfield code="c">PPM</subfield><subfield code="d">OCLCQ</subfield></datafield><datafield ind1=" " ind2=" " tag="042"><subfield code="a">msc</subfield></datafield><datafield ind1="0" ind2=" " tag="130"><subfield code="a">Texas ranger (Brenham, Tex.)</subfield></datafield><datafield ind1="1" ind2="4" tag="245"><subfield code="a">The Texas ranger.</subfield></datafield><datafield ind1=" " ind2=" " tag="260"><subfield code="a">Brenham, Tex. :</subfield><subfield code="b">J. Lancaster</subfield></datafield><datafield ind1=" " ind2=" " tag="300"><subfield code="a">v. :</subfield><subfield code="b">ill. (chiefly advertisements) ;</subfield><subfield code="c">62 cm.</subfield></datafield><datafield ind1=" " ind2=" " tag="310"><subfield code="a">Weekly</subfield></datafield><datafield ind1="1" ind2=" " tag="362"><subfield code="a">Began in 1857?</subfield></datafield><datafield ind1=" " ind2=" " tag="500"><subfield code="a">Published simultaneously in Brenham, Chappell Hill, Independence, and Navasota, Texas.</subfield></datafield><datafield ind1=" " ind2=" " tag="530"><subfield code="a">Also on microfilm: Austin, Texas: The University of Texas, Center for American History.</subfield></datafield><datafield ind1=" " ind2=" " tag="588"><subfield code="a">Description based on: Vol. 7, no. 45 (Feb. 7, 1857).</subfield></datafield><datafield ind1=" " ind2=" " tag="752"><subfield code="a">United States</subfield><subfield code="b">Texas</subfield><subfield code="c">Washington</subfield><subfield code="d">Brenham.</subfield></datafield><datafield ind1=" " ind2=" " tag="752"><subfield code="a">United States</subfield><subfield code="b">Texas</subfield><subfield code="c">Washington</subfield><subfield code="d">Chappell Hill.</subfield></datafield><datafield ind1=" " ind2=" " tag="752"><subfield code="a">United States</subfield><subfield code="b">Texas</subfield><subfield code="c">Washington</subfield><subfield code="d">Independence.</subfield></datafield><datafield ind1=" " ind2=" " tag="752"><subfield code="a">United States</subfield><subfield code="b">Texas</subfield><subfield code="c">Grimes</subfield><subfield code="d">Navasota.</subfield></datafield><datafield ind1="0" ind2="0" tag="780"><subfield code="t">Texas ranger (Washington, Tex. : 1849)</subfield><subfield code="w">(DLC)sn 85003453</subfield></datafield><datafield ind1="0" ind2="7" tag="785"><subfield code="t">Lone star (Washington, Tex.)</subfield><subfield code="w">(DLC)sn 95078903</subfield></datafield><datafield ind1="0" ind2="7" tag="785"><subfield code="t">Texas ranger, and lone star</subfield><subfield code="w">(DLC)sn 95078904</subfield></datafield></record>